<record><leader>00000cas a22000007a 4500</leader><controlfield tag="001">17240568</controlfield><controlfield tag="008">871215c19839999paudn ne      0    0eng d</controlfield><datafield ind1=" " ind2=" " tag="010"><subfield code="a">sn 87078596 </subfield></datafield><datafield ind1=" " ind2=" " tag="040"><subfield code="a">NPH</subfield><subfield code="b">eng</subfield><subfield code="c">NPH</subfield><subfield code="d">OCLCQ</subfield></datafield><datafield ind1=" " ind2=" " tag="042"><subfield code="a">msc</subfield></datafield><datafield ind1="0" ind2=" " tag="130"><subfield code="a">Tribune-review (Greensburg, Pa. : Western ed.)</subfield></datafield><datafield ind1="1" ind2="0" tag="245"><subfield code="a">Tribune-review.</subfield></datafield><datafield ind1=" " ind2=" " tag="250"><subfield code="a">Western ed.</subfield></datafield><datafield ind1=" " ind2=" " tag="260"><subfield code="a">Greensburg, Pa. :</subfield><subfield code="b">[Tribune-Review Pub. Co.],</subfield><subfield code="c">1983-</subfield></datafield><datafield ind1=" " ind2=" " tag="300"><subfield code="a">v. :</subfield><subfield code="b">ill.</subfield></datafield><datafield ind1=" " ind2=" " tag="310"><subfield code="a">Daily (except Sun. &amp; holidays)</subfield></datafield><datafield ind1="0" ind2=" " tag="362"><subfield code="a">Vol. 98, no. 162 (Aug. 1, 1983)-</subfield></datafield><datafield ind1=" " ind2=" " tag="580"><subfield code="a">Published in a weekly edition entitled: Community review (Greensburg, Pa.).</subfield></datafield><datafield ind1=" " ind2=" " tag="752"><subfield code="a">United States</subfield><subfield code="b">Pennsylvania</subfield><subfield code="c">Westmoreland</subfield><subfield code="d">Greensburg.</subfield></datafield><datafield ind1="0" ind2=" " tag="775"><subfield code="t">Tribune-review (Greensburg, Pa. : Allegheny East ed.)</subfield><subfield code="w">(DLC)sn 87078598</subfield></datafield><datafield ind1="0" ind2=" " tag="775"><subfield code="t">Tribune-review (Greensburg, Pa. : Fay-West ed.)</subfield><subfield code="w">(DLC)sn 87078597</subfield></datafield><datafield ind1="0" ind2=" " tag="775"><subfield code="t">Tribune-review (Greensburg, Pa.)</subfield><subfield code="w">(DLC)sn 87078599</subfield></datafield><datafield ind1="1" ind2=" " tag="775"><subfield code="t">Community review (Greensburg, Pa.)</subfield></datafield><datafield ind1="0" ind2="0" tag="780"><subfield code="t">Tribune-review (Greensburg, Pa. : Jeannette ed.)</subfield></datafield></record>